%%Moore's law
@article{mooreslaw,
 author = {Gordon E. Moore},
 title = {Cramming more components onto integrated circuits},
 journal = {Electonics},
 month = {April},
 year = {1965},
 pages = {114-117},
}

@article{Fan:2007:PPW:1273440.1250665,
author = {Fan, Xiaobo and Weber, Wolf-Dietrich and Barroso, Luiz Andre},
title = {Power provisioning for a warehouse-sized computer},
journal = {SIGARCH Comput. Archit. News},
issue_date = {May 2007},
volume = {35},
number = {2},
month = jun,
year = {2007},
issn = {0163-5964},
pages = {13--23},
numpages = {11},
url = {http://doi.acm.org/10.1145/1273440.1250665},
doi = {10.1145/1273440.1250665},
acmid = {1250665},
publisher = {ACM},
address = {New York, NY, USA},
keywords = {energy efficiency, power modeling, power provisioning},
}


@article{55298a7sdt80,
year={2008},
issn={1386-7857},
journal={Cluster Computing},
volume={11},
number={2},
doi={10.1007/s10586-007-0045-4},
title={Power capping: a prelude to power shifting},
url={http://dx.doi.org/10.1007/s10586-007-0045-4},
publisher={Springer US},
keywords={Power capping; Power shifting; Power management; Power budget;
Feedback control; Servers; Power supplies; Provisioning},
author={Lefurgy, Charles and Wang, Xiaorui and Ware, Malcolm},
pages={183-195},
language={English}
}


@inproceedings{Li:2011:PST:2014698.2014904,
author = {Li, Jian and Huang, Wei and Lefurgy, Charles and Zhang, Lixin and
Denzel, Wolfgang E. and Treumann, Richard R. and Wang, Kun},
title = {Power shifting in Thrifty Interconnection Network},
booktitle = {Proceedings of the 2011 IEEE 17th International Symposium on
High Performance Computer Architecture},
series = {HPCA '11},
year = {2011},
isbn = {978-1-4244-9432-3},
pages = {156--167},
numpages = {12},
url = {http://dl.acm.org/citation.cfm?id=2014698.2014904},
acmid = {2014904},
publisher = {IEEE Computer Society},
address = {Washington, DC, USA},
}

@inproceedings{4041859,
author={Isci, C. and Buyuktosunoglu, A. and Chen, C.-Y. and Bose,
P. and Martonosi, M.},
booktitle={the 39th Annual IEEE/ACM International Symposium on 
Microarchitecture, 2006. MICRO-39.},
title={An Analysis of Efficient Multi-Core Global Power Management Policies:
Maximizing Performance for a Given Power Budget},
year={2006},
pages={347-358},
keywords={low-power electronics;microprocessor chips;power aware 
computing;chip-level power budget;chip-level throughput performance;
dynamic voltage-frequency scaling;multicore global power management policies;
per-core DVFS knob;Degradation;Dynamic scheduling;Dynamic voltage scaling;
Energy management;Financial management;Frequency;Knowledge management;
Performance analysis;Throughput;Yarn},
doi={10.1109/MICRO.2006.8},
ISSN={1072-4451},
}

@INPROCEEDINGS{6687422, 
author={Ge, Rong and Vogt, Ryan and Majumder, Jahangir and Alam, Arif and Burtscher, Martin and Zong, Ziliang}, 
booktitle={Parallel Processing (ICPP), 2013 42nd International Conference on}, 
title={Effects of Dynamic Voltage and Frequency Scaling on a K20 GPU}, 
year={2013}, 
pages={826-833}, 
keywords={DVFS in GPU Computing;Dynamic Voltage and Frequency Scaling;Energy-Efficient Computing}, 
doi={10.1109/ICPP.2013.98}, 
ISSN={0190-3918},
}

@article{Govindan:2011:BLT:2024723.2000105,
author = {Govindan, Sriram and Sivasubramaniam, Anand and Urgaonkar, Bhuvan},
title = {Benefits and Limitations of Tapping into Stored Energy for Datacenters},
journal = {SIGARCH Comput. Archit. News},
issue_date = {June 2011},
volume = {39},
number = {3},
month = jun,
year = {2011},
issn = {0163-5964},
pages = {341--352},
numpages = {12},
url = {http://doi.acm.org/10.1145/2024723.2000105},
doi = {10.1145/2024723.2000105},
acmid = {2000105},
publisher = {ACM},
address = {New York, NY, USA},
keywords = {battery, datacenter, peak power},
}

@inproceedings{Patki:2013:EHO:2464996.2465009,
author = {Patki, Tapasya and Lowenthal, David K. and Rountree, Barry and Schulz, Martin and de Supinski, Bronis R.},
title = {Exploring Hardware Overprovisioning in Power-constrained, High Performance Computing},
booktitle = {Proceedings of the 27th International ACM Conference on International Conference on Supercomputing},
series = {ICS '13},
year = {2013},
isbn = {978-1-4503-2130-3},
location = {Eugene, Oregon, USA},
pages = {173--182},
numpages = {10},
url = {http://doi.acm.org/10.1145/2464996.2465009},
doi = {10.1145/2464996.2465009},
acmid = {2465009},
publisher = {ACM},
address = {New York, NY, USA},
keywords = {high-performance computing, overprovisioned, power, rapl},
}
